@article{Hunt1980,
author={Hunt, M. and Lennig, M. and Mermelstein, P.},
booktitle={Acoustics, Speech, and Signal Processing, IEEE International Conference on ICASSP '80.}, title={Experiments in syllable-based recognition of continuous speech},
year={1980},
month={apr},
volume={5},
number={},
pages={ 880 - 883},
keywords={},
doi={10.1109/ICASSP.1980.1170934},
ISSN={}}

@misc{MarsyasDoc,
  title = {Marsyas User Manual},
  year = {2010},
  howpublished = "\url{http://web.archive.org/web/20100213173902/http://marsyas.info/docs/manual/marsyas-user/bextract.html}"
}

@misc{metacritic,
    title={How We Create the Metascore Magic},
    
    year={2012},
    howpublished="\url{http://www.metacritic.com/about-metascores}"
    }
