Automatically generated by Mendeley 1.6
Any changes to this file will be lost if it is regenerated by Mendeley.

@article{Tzanetakis2000a,
author = {Tzanetakis, George},
file = {:home/patrick/Documents/papers/Tzanetakis - 2000 - Audio information retrieval (AIR) tools.pdf:pdf},
journal = {International Conference on Music Information Retrieval},
pages = {1--2},
title = {{Audio information retrieval (AIR) tools}},
url = {http://www.ee.columbia.edu/~dpwe/papers/TzanC00-airtools.pdf},
year = {2000}
}
@article{Tzanetakis2000,
author = {Tzanetakis, George and Cook, Perry},
doi = {10.1017/S1355771800003071},
file = {:home/patrick/Documents/papers/Tzanetakis, Cook - 2000 - MARSYAS a framework for audio analysis.pdf:pdf},
issn = {13557718},
journal = {Organised Sound},
month = dec,
number = {3},
pages = {169--175},
title = {{MARSYAS: a framework for audio analysis}},
url = {http://www.journals.cambridge.org/abstract\_S1355771800003071},
volume = {4},
year = {2000}
}
@article{Dickerson2009,
author = {Dickerson, Kyle B. and Ventura, Dan},
doi = {10.1109/IJCNN.2009.5178975},
file = {:home/patrick/Documents/papers/Dickerson, Ventura - 2009 - Music recommendation and query-by-content using Self-Organizing Maps.pdf:pdf},
isbn = {978-1-4244-3548-7},
journal = {2009 International Joint Conference on Neural Networks},
month = jun,
pages = {705--710},
publisher = {Ieee},
title = {{Music recommendation and query-by-content using Self-Organizing Maps}},
url = {http://ieeexplore.ieee.org/lpdocs/epic03/wrapper.htm?arnumber=5178975},
year = {2009}
}
@article{Mathieu2010,
author = {Mathieu, Benoit and Essid, Slim and Fillon, Thomas},
file = {:home/patrick/Documents/papers/Mathieu, Essid, Fillon - 2010 - Yaafe, an easy to use and efficient audio feature extraction software.pdf:pdf},
journal = {11th ISMIR},
number = {Ismir},
pages = {441--446},
title = {{Yaafe, an easy to use and efficient audio feature extraction software}},
url = {http://perso.telecom-paristech.fr/~grichard/Publications/ISMIR10\_mathieu.pdf},
year = {2010}
}
@article{Jacobson2006,
author = {Jacobson, Kurt},
file = {:home/patrick/Documents/papers/Jacobson - 2006 - A multifaceted approach to music similarity.pdf:pdf},
journal = {Proceedings of International Conference on Music Information Retrieval},
keywords = {as opposed to two,automatic dj,generation,multidimensional scaling,music similarity,or three descriptors will,perhaps using half-a-dozen descriptors,playlist,provide some improvement,song structure},
title = {{A multifaceted approach to music similarity}},
url = {http://citeseerx.ist.psu.edu/viewdoc/download?doi=10.1.1.107.1001\&rep=rep1\&type=pdf},
year = {2006}
}
